
@article{hoagg2006,
	title={On the Zeros, Initial Undershoot, and Relative Degree of Lumped-Mass Structures},
	author={Jesse B. Hoagg, Dennis S. Bernstein},
	journal={Proceedings of the American Control Conference},
	year = {2006}
}
